<?xml version="1.0" encoding="UTF-8"?><collection xmlns="http://www.loc.gov/MARC21/slim"><record><leader>00416nam--2200157-i-4500</leader><controlfield tag="001">000032166</controlfield><controlfield tag="002">20161230</controlfield><controlfield tag="005">20170125141902</controlfield><controlfield tag="008">060222s1000------------r-----000-0-eng-d</controlfield><datafield ind1=" " ind2=" " tag="100"><subfield code="a">Marcus, Abraham</subfield></datafield><datafield ind1=" " ind2=" " tag="245"><subfield code="a">Physics of modern times</subfield></datafield><datafield ind1=" " ind2=" " tag="260"><subfield code="a">New York</subfield><subfield code="b">Prentice Hall</subfield><subfield code="c">1953</subfield></datafield><datafield ind1=" " ind2=" " tag="300"><subfield code="a">XIX + 762 p. Cu Fig. + 1 Pl</subfield></datafield><datafield ind1=" " ind2=" " tag="490"><subfield code="a">Prentice Hall Science Series</subfield></datafield><datafield ind1=" " ind2=" " tag="852"><subfield code="a">12091</subfield></datafield><datafield ind1=" " ind2=" " tag="CAT"><subfield code="a">SYS</subfield><subfield code="c">20170125</subfield><subfield code="h">141902</subfield></datafield></record></collection>